@misc{polyscope,
  title = {Polyscope},
  author = {Nicholas Sharp and others},
  note = {www.polyscope.run},
  year = {2019}
}

@software{pymeshlab,
  author       = {Alessandro Muntoni and Paolo Cignoni},
  title        = {{PyMeshLab}},
  month        = jan,
  year         = 2021,
  publisher    = {Zenodo},
  doi          = {10.5281/zenodo.4438750}
}